@article{costa2023condigjob,
  title = {CondigJob: um jogo s{\'e}rio para auxiliar nas disciplinas de
           Linguagem de Programa{\c{c}}{\~a}o C},
  author = {Costa, Guilherme Schirmer da and others},
  year = {2023},
}

@inproceedings{de2023codebo,
  title = {Codebo unplugged: Um jogo desplugado para o ensino de pilha},
  author = {de Oliveira Cerqueira, Tamilis and Silva, Andreia Pinheiro S and de
            Jesus Araujo, Luis Gustavo},
  booktitle = {Simp{\'o}sio Brasileiro de Educa{\c{c}}{\~a}o em Computa{\c{c}}{
               \~a}o (EDUCOMP)},
  pages = {04--05},
  year = {2023},
  organization = {SBC},
}

@inproceedings{de2025codebo,
  title = {CodeB{\^o}: Design e avalia{\c{c}}{\~a}o de um puzzle game para o
           ensino de Estrutura de Dados},
  author = {de Jesus Araujo, Luis Gustavo and dos Santos Silva, Andreia Pinheiro
            },
  booktitle = {Simp{\'o}sio Brasileiro de Educa{\c{c}}{\~a}o em Computa{\c{c}}{
               \~a}o (EDUCOMP)},
  pages = {27--36},
  year = {2025},
  organization = {SBC},
}

@article{glatz2023desenvolvimento,
  title = {Desenvolvimento de um jogo para aux{\'\i}lio no ensino de estruturas
           de dados},
  author = {Glatz, Igor and others},
  year = {2023},
  publisher = {Florian{\'o}polis, SC.},
}

@mastersthesis{nascimento2022prog,
  title = {Prog-Poly: jogo de tabuleiro baseado no monopoly para ajudar nos
           estudos de linguagem de programa{\c{c}}{\~a}o e engenharia de software
           },
  author = {Nascimento, Luciano Rovanni do and others},
  year = {2022},
  school = {Universidade Tecnol{\'o}gica Federal do Paran{\'a}},
}

@misc{HumanResourceMachineSteam,
  title = {Human Resource Machine on Steam},
  author = {{Tomorrow Corporation}},
  year = {2015},
  url = {https://store.steampowered.com/app/375820/Human_Resource_Machine/},
  note = {Accessed: 2025-04-14},
}

@misc{AlgoBotSteam,
  title = {Algo Bot on Steam},
  author = {{Fishing Cactus}},
  year = {2018},
  url = {https://store.steampowered.com/app/286300/Algo_Bot/},
  note = {Accessed: 2025-04-14},
}

@misc{MOPNSPARKSteam,
  title = {MOP'N SPARK on Steam},
  author = {{Omoplata Games}},
  year = {2025},
  url = {https://store.steampowered.com/app/3491720/MOPN_SPARK/},
  note = {Accessed: 2025-04-14},
}

@misc{IronEarsItchio,
  title = {Iron Ears: Data Structure},
  author = {{NPC42 Games}},
  year = {2020},
  url = {https://npc42-games.itch.io/ironears},
  note = {Acesso em: 15 abr. 2025},
}

@article{aslan2015gamed,
  title = {GAMED: digital educational game development methodology},
  author = {Aslan, Serdar and Balci, Osman},
  journal = {Simulation},
  volume = {91},
  number = {4},
  pages = {307--319},
  year = {2015},
  publisher = {SAGE Publications Sage UK: London, England},
}

@article{mouaheb2012serious,
  title = {The serious game: what educational benefits?},
  author = {Mouaheb, Houda and Fahli, Ahmed and Moussetad, Mohammed and Eljamali
            , Said},
  journal = {Procedia-Social and Behavioral Sciences},
  volume = {46},
  pages = {5502--5508},
  year = {2012},
  publisher = {Elsevier},
}

@book{creswell2021projeto,
  title = {Projeto de pesquisa-: M{\'e}todos qualitativo, quantitativo e misto},
  author = {Creswell, John W and Creswell, J David},
  year = {2021},
  publisher = {Penso Editora},
}

@incollection{malone2021making,
  title = {Making learning fun: A taxonomy of intrinsic motivations for learning
           },
  author = {Malone, Thomas W and Lepper, Mark R},
  booktitle = {Aptitude, learning, and instruction},
  pages = {223--254},
  year = {2021},
  publisher = {Routledge},
}
